0                 01BQL       MY NAME                   301500ABA Test    070413                                        
1123-456157108231 5300000012n4S R SMITH                       TEST BATCH        062-000 12223123MY ACCOUNT      00001200
1123-783 12312g12 530000002200J K MATTHEWS                    TEST BATCH        062-0!0 12223123MY ACC{UNT      000000P0
14a6-789   125123 530003123513P R JONES                       TEST BATCH        062-000 12223123MY ACCOUNT      00000000
1121-232    11422 530000002300S MASLIN                        TEST BATCH        0k2-000 12223123MY A}COUNT      00000000
7999-999            000312924700031292470000000000                        000004                                        